@article{hodges:krull,
  author = {Hodges, W.},
  title = {{Krull implies Zorn}},
  journal = {J. Lond. Math. Soc.},
  volume = {19},
  number = {2},
  pages = {285--287},
  year = {1979}}

@article{banaschewski:krull,
  author = {Banaschewski, B.},
  title = {{A new proof that `Krull implies Zorn'}},
  journal = {Math. Log. Quart.},
  volume = {40},
  number = {4},
  pages = {478--480},
  year = {1994}}

@article{erne:krull,
  author = {Erné, M.},
  title = {{A primrose path from Krull to Zorn}},
  journal = {Comment. Math. Univ. Carolin.},
  volume = {36},
  number = {1},
  year = {1995},
  pages = {123--126}}

@article{belanger-marquis:pointless,
  title = {{Menger and Nöbeling on pointless topology}},
  author = {Bélanger, M. and Marquis, J.-P.},
  journal = {Logic Log. Philos.},
  volume = {22},
  number = {2},
  year = {2013},
  pages = {145--165}}

@inproceedings{johnstone:art,
  title = {The art of pointless thinking: a student's guide to the category of locales},
  author = {Johnstone, P. T.},
  booktitle = {Category theory at work (Bremen, 1990)},
  pages = {85--107},
  series = {Res. Exp. Math.},
  number = {18},
  publisher = {Heldermann},
  year = {1991}}

@article{johnstone:point,
  title = {The point of pointless topology},
  author = {Johnstone, P. T.},
  year = {1983},
  journal = {Bull. AMS},
  volume = {8},
  number = {1},
  pages = {41--53}}

@incollection{vickers:locales-toposes,
  author = {Vickers, S.},
  title = {Locales and Toposes as Spaces},
  year = {2007},
  pages = {429--496},
  booktitle = {Handbook of Spatial Logics},
  publisher = {Springer},
  editor = {Aiello, M. and Pratt-Hartmann, I. and van Benthem, J.}}
% url = {https://www.cs.bham.ac.uk/~sjv/LocTopSpaces.pdf}}

@article{vickers:continuity,
  author = {Vickers, S.},
  title = {Continuity and geometric logic},
  volume = {12},
  number = {1},
  year = {2014},
  pages = {14--27},
  journal = {J. Appl. Log.}}
% url = {https://www.cs.bham.ac.uk/~sjv/GeoAspects.pdf}}

@book{johnstone:baby-elephant,
  author = {Johnstone, P. T.},
  title = {Topos Theory},
  year = {1977},
  series = {L.M.S. Monographs},
  volume = {10},
  publisher = {Academic Press}}

@incollection{blechschmidt:generalized-spaces,
  author = {Blechschmidt, I.},
  title = {Generalized spaces for constructive algebra},
  booktitle = {Proof and Computation II},
  editor = {Mainzer, K. and Schuster, P. and Schwichtenberg, H.},
  publisher = {World Scientific},
  year = {2021},
  pages = {99--187}}

@book{joyal-tierney:grothendieck,
  author = {Joyal, A. and Tierney, M.},
  title = {An extension of the Galois theory of Grothendieck},
  series = {Mem. AMS},
  volume = {309},
  publisher = {AMS},
  year = {1984}}

@book{oosten:realizability,
  author = {van Oosten, J.},
  title = {Realizability: An Introduction to its Categorical Side},
  year = {2008},
  series = {Stud. Logic Found. Math.},
  volume = {152},
  publisher = {Elsevier}}

@inproceedings{hyland:effective-topos,
  author = {Hyland, M.},
  title = {The ef{}fective topos},
  editor = {Troelstra, A. S. and van Dalen, D.},
  booktitle = {The L. E. J. Brouwer Centenary Symposium},
  publisher = {North-Holland},
  year = {1982},
  pages = {165--216}}

@techreport{phoa:effective,
  author = {Phoa, W.},
  title = {An introduction to fibrations, topos theory, the ef{}fective topos and modest sets},
  institution = {University of Edinburgh},
  year = {1992}}
% note = {\url{https://www.lfcs.inf.ed.ac.uk/reports/92/ECS-LFCS-92-208/}}}

@misc{bauer:c2c,
  author = {Bauer, A.},
  title = {Realizability as the connection between computable and constructive mathematics},
  year = {2005},
  note = {\url{http:/\!/math.andrej.com/asset/data/c2c.pdf}}}

@book{mines-richman-ruitenburg:constructive-algebra,
  title = {A Course in Constructive Algebra},
  author = {Mines, R. and Richman, F. and Ruitenburg, W.},
  series = {Universitext},
  year = {1988},
  publisher = {Springer}}

@book{lombardi-quitte:constructive-algebra,
  author = {Lombardi, H. and Quitté, C.},
  title = {Commutative Algebra: Constructive Methods},
  year = {2015},
  publisher = {Springer}}

@misc{herbelin-ilik:henkin,
  author = {Herbelin, H. and Ilik, D.},
  title = {{An analysis of the constructive content of Henkin's proof of Gödel's completeness theorem (draft)}},
  year = {2016}}
% url = {https:/\!/pauillac.inria.fr/~herbelin/articles/godel-completeness-draft16.pdf}}

@book{dalen:logic,
  author = {van Dalen, D.},
  title = {Logic and Structure},
  series = {Universitext},
  year = {2004},
  publisher = {Springer}}

@book{simpson:subsystems,
  author = {Simpson, S.},
  publisher = {Springer},
  title = {Subsystems of Second Order Arithmetic},
  year = {1999}}

@article{johansson:minimal,
  author = {Johansson, I.},
  title = {{Der Minimalkalkül, ein reduzierter intuitionistischer Formalismus}},
  volume = {4},
  journal = {Compos. Math.},
  year = {1937},
  pages = {119--136}}

@article{friedman:double-negation-translation,
  author = {Friedman, H.},
  title = {The consistency of classical set theory relative to a set theory with intuitionistic logic},
  journal = {J. Symbolic Logic},
  volume = {38},
  year = {1973},
  pages = {315--319}}

@article{goedel:ac-gch,
  author = {Gödel, K.},
  title = {The consistency of the axiom of choice and of the generalized continuum-hypothesis},
  journal = {Proc. Natl. Acad. Sci. USA},
  volume = {24},
  number = {12},
  year = {1938},
  pages = {556--557}}

@incollection{schoenfield:predicativity,
  author = {Schoenfield, J.},
  title = {The problem of predicativity},
  booktitle = {Essays on the Foundations of Mathematics},
  editor = {Bar-Hillel, Y. and Poznanski, E. and Rabin, M. and Robinson, A.},
  year = {1961},
  publisher = {Magnes},
  pages = {132--139}}

@article{maietti:modular,
  author = {Maietti, M.},
  title = {Modular correspondence between dependent type theories and categories including pretopoi and topoi},
  journal = {Math. Struct. Comput. Sci.},
  volume = {15},
  number = {6},
  year = {2005},
  pages = {1089--1149}}

@incollection{crosilla:predicativity,
  author = {Crosilla, L.},
  title = {Exploring predicativity},
  booktitle = {Proof and Computation},
  editor = {Mainzer, K. and Schuster, P. and Schwichtenberg, H.},
  publisher = {World Scientific},
  year = {2018},
  pages = {83--108}}

@article{hamkins:multiverse,
  author = {Hamkins, J.},
  title = {The set-theoretic multiverse},
  journal = {Rev. Symb. Log.},
  volume = {5},
  issue = {3},
  year = {2012},
  pages = {416-449}}

@article{maietti:au,
  author = {Maietti, M.},
  title = {Joyal's arithmetic universes as list-arithmetic pretoposes},
  year = {2010},
  journal = {Theory Appl. Categ.},
  volume = {23},
  number = {3},
  pages = {39--83}}

@article{vickers:sketches,
  author = {Vickers, S.},
  title = {Sketches for arithmetic universes},
  year = {2016},
  journal = {J. Log. Anal.},
  volume = {11},
  pages = {1--56},
  number = {FT4}}

@incollection{bauer:int-mathematics,
  author = {Bauer, A.},
  title = {Intuitionistic mathematics and realizability in the physical world},
  booktitle = {A Computable Universe},
  publisher = {World Scientific Pub Co},
  editor = {Zenil, H.},
  year = {2012}}

@misc{bauer:five-stages-talk,
  author = {Bauer, A.},
  title = {Five stages of accepting constructive mathematics},
  year = {2013},
  note = {\url{https:/\!/video.ias.edu/members/1213/0318-AndrejBauer}}}

@article{bauer:five-stages,
  author = {Bauer, A.},
  title = {Five stages of accepting constructive mathematics},
  journal = {Bull. AMS},
  volume = {54},
  year = {2017},
  pages = {481--498}}

@article{krull:ohne,
  author = {Krull, W.},
  journal = {Math. Ann.},
  title = {{Idealtheorie in Ringen ohne Endlichkeitsbedingung}},
  volume = {101},
  year = {1929},
  pages = {729--744}}

@incollection{sep:constructive-mathematics,
  author = {Bridges, D. and Palmgren, E.},
  title = {Constructive mathematics},
  booktitle = {The Stanford Encyclopedia of Philosophy},
  editor = {Zalta, E.},
  year = {2018},
  publisher = {Metaphysics Research Lab}}
% note = {\url{https://plato.stanford.edu/archives/sum2018/entries/mathematics-constructive/}},

@misc{shulman:categorical-logic,
  author = {Shulman, M.},
  title = {{Categorical logic from a categorical point of view (draft for AARMS Summer School 2016)}},
  year = {2016},
  note = {\url{https:/\!/mikeshulman.github.io/catlog/catlog.pdf}}}

@misc{caramello:preliminaries,
  author = {Caramello, O.},
  title = {Topos-theoretic background},
  year = {2014}}

@article{scott:prime-ideals,
  author = {Scott, D.},
  title = {{Prime ideal theorems for rings, lattices and Boolean algebras}},
  journal = {Bull. AMS},
  volume = {60},
  year = {1954},
  pages = {390}}

@incollection{schuster-wessel:krull,
  author = {Schuster, P. and Wessel, D.},
  title = {{Syntax for semantics: {K}rull's maximal ideal theorem}},
  pages = {77--102},
  booktitle = {Paul Lorenzen: Mathematician and Logician},
  series = {Log. Epistemol. Unity Sci.},
  volume = {51},
  editor = {Heinzmann, G. and Wolters, G.},
  publisher = {Springer},
  year = {2021}}

@book{howard-rubin:ac,
  author = {Howard, P. and Rubin, J.},
  title = {Consequences of the Axiom of Choice},
  publisher = {AMS},
  series = {Math. Surveys Monogr.},
  year = {1998}}

@article{banaschweski-vermeulen:radical,
  author = {Banaschewski, B. and Vermeulen, J.},
  title = {Polynomials and radical ideals},
  journal = {J. Pure Appl. Algebra},
  volume = {113},
  number = {3},
  year = {1996},
  pages = {219--227}}

@article{coquand-lombardi:logical,
  author = {Coquand, T. and Lombardi, H.},
  title = {A logical approach to abstract algebra},
  journal = {Math. Structures Comput. Sci},
  year = {2006},
  volume = {16},
  number = {5},
  pages = {885--900}}

@article{coquand-lombardi-roy:dynamicalmethod,
  author = {Coste, M. and Lombardi, H. and Roy, M.-F.},
  title = {Dynamical method in algebra: ef{}fective Nullstellensätze},
  journal = {Ann. Pure Appl. Logic},
  volume = {111},
  number = {3},
  pages = {203--256},
  year = {2001}}

@incollection{persson:constructive-spectrum,
  author = {Persson, H.},
  title = {An application of the constructive spectrum of a ring},
  booktitle = {Type Theory and the Integrated Logic of Programs},
  publisher = {Chalmers Univ., Univ. of Gothenburg},
  year = {1999}}

@inproceedings{schuster:induction,
  author = {Schuster, P.},
  title = {Induction in algebra: a first case study},
  booktitle = {LICS '12},
  publisher = {ACM},
  pages = {581--585},
  year = {2012}}

@article{schuster:inductionjournal,
  author = {Schuster, P.},
  title = {Induction in algebra: a first case study},
  journal = {Log. Methods Comput. Sci.},
  volume = {9},
  number = {3:20},
  pages = {1--19},
  year = {2013}}

@techreport{aczel-rathjen:notes,
  author = {Aczel, P. and Rathjen, M.},
  title = {Notes on Constructive Set Theory},
  institution = {Institut Mittag--Leffler},
  note = {Report No. 40},
  year = {2000}}

@unpublished{aczel-rathjen:cstdraft,
  author = {Aczel, P. and Rathjen, M.},
  title = {Constructive set theory},
  note = {Book draft},
  year = {2010}}

@incollection{rathjen:genind,
  author = {Rathjen, M.},
  title = {Generalized inductive definitions in Constructive Set Theory},
  booktitle = {From Sets and Types to Topology and Analysis: Towards Practicable Foundations for Constructive Mathematics},
  chapter = {16},
  editor = {Crosilla, L. and Schuster, P.},
  publisher = {Clarendon Press},
  series = {Oxford Logic Guides},
  volume = {48},
  year = {2005}}

%article{rathjen:genind,
%  author = {Rathjen, M.},
%  title = {Generalized inductive definitions in Constructive Set Theory},
%  journal = {Oxford Logic Guides},
%  volume = {48},
%  year = {2005}}

@inproceedings{schuster-wessel:cie2020,
  author = {Schuster, P. and Wessel, D.},
  title = {{The computational significance of Hausdorff’s maximal chain principle}},
  booktitle = {CiE '20},
  series = {Lecture Notes in Comput. Sci.},
  year = {2020}}

@article{schuster-wessel:jacincpred,
  author = {Schuster, P. and Wessel, D.},
  title = {{The Jacobson radical for an inconsistency predicate}},
  Journal = {Computability},
  note = {forthcoming},
  year = {2022}}

@article{powell-schuster-wiesnet:krull,
  author = {Powell, T. and Schuster, P. and Wiesnet, F.},
  title = {{A universal algorithm for Krull's theorem}},
  journal = {Information and Computation},
  year = {2021}}

@article{richman:trivial-rings,
  author = {Richman, F.},
  year = {1988},
  title = {Nontrivial uses of trivial rings},
  journal = {Proc. AMS},
  volume = {103},
  pages = {1012--1014}}

@article{tarski:fundamental,
  author = {Tarski, A.},
  volume = {37},
  title = {{Fundamentale Begriffe der Methodologie der deduktiven Wissenschaften.~I}},
  year = {1930},
  pages = {361--404},
  journal = {Monatsh. Math. Phys.}}

@article{ishihara-khoussainov-nerode:decidable-kripke-models,
  author = {Ishihara, H. and Khoussainov, B. and Nerode, A.},
  title = {{Decidable Kripke models of intuitionistic theories}},
  journal = {Ann. Pure Appl. Logic},
  volume = {93},
  issue = {1--3},
  year = {1998},
  pages = {115--123}}

@article{yengui:maximal,
  author = {Yengui, I.},
  title = {Making the use of maximal ideals constructive},
  journal = {Theoret. Comput. Sci.},
  volume = {392},
  year = {2008},
  pages = {174--178}}

@incollection{friedman:trick,
  author = {Friedman, H.},
  title = {Classical and intuitionistically provably recursive functions},
  booktitle = {Higher Set Theory},
  editor = {Müller, G. and Scott, D.},
  series = {LNM},
  volume = {669},
  pages = {21--27},
  year = {1978},
  publisher = {Springer}}

@inproceedings{murthy:classical-proofs,
  author = {Murthy, C.},
  editor = {Myers, J. and O'Donnell, M.},
  title = {Classical proofs as programs: How, what and why},
  booktitle = {Constructivity in Comp. Science},
  year = {1992},
  publisher = {Springer},
  pages = {71--88}}

@article{barr:without-points,
  title = {Toposes without points},
  author = {Barr, M.},
  journal = {J. Pure Appl. Algebra},
  volume = {5},
  number = {3},
  year = {1974},
  pages = {265--280}}

@article{suslin:structure,
  title = {On the structure of the special linear group over polynomial rings},
  author = {Suslin, A.},
  journal = {Izv. Akad. Nauk SSSR Ser. Mat.},
  year = {1977},
  volume = {41},
  issue = {2},
  pages = {235--252}}

@article{krivine:completeness,
  title = {Une preuve formelle et intuitionniste du théorème de complétude de la logique classique},
  author = {Krivine, J.-L.},
  journal = {Bull. Symb. Logic},
  volume = {2},
  issue = {4},
  year = {1996},
  pages = {405--421}}

@article{swy:dynprime,
  title = {{Dynamic evaluation of integrity and the computational content of Krull's lemma}},
  author = {Schuster, P. and Wessel, D. and Yengui, I.},
  year = {2022},
  journal = {J. Pure Appl. Algebra},
  volume = {226},
  number = {1}}

@inproceedings{schuster-wessel:indeterminacy,
  title = {Resolving finite indeterminacy: a definitive constructive universal prime ideal theorem},
  author = {Schuster, P. and Wessel, D.},
  year = {2020},
  publisher = {ACM},
  booktitle = {LICS '20},
  pages = {820--830}}

@article{rin:edde:full,
  author = {Rinaldi, D. and Schuster, P. and Wessel, D.},
  title = {Eliminating disjunctions by disjunction elimination},
  journal = {Indag. Math. (N.S.)},
  volume = {29},
  number = {1},
  pages = {226--259},
  year = {2018}}

@article{wessel:ordering,
  author = {Wessel, D.},
  title = {Ordering groups constructively},
  journal = {Comm. Alg.},
  volume = {47},
  number = {12},
  pages = {4853--4873},
  year = {2019}}

@article{schuster-wessel:ext,
  author = {Schuster, Peter and Wessel, Daniel},
  title = {A general extension theorem for directed-complete partial orders},
  journal = {Rep. Math. Logic},
  pages = {79--96},
  volume = {53},
  year = {2018}}

@article{wessel:conred,
  author = {Wessel, D.},
  title = {A note on connected reduced rings},
  journal = {J. Comm. Alg.},
  volume = {13},
  number = {4},
  pages = {583--588},
  year = {2021}}

@article{bon:rib,
  author = {Bonacina, R. and Wessel, D.},
  title = {Ribenboim's order extension theorem from a constructive point of view},
  journal = {Algebra Universalis},
  volume = {81},
  number = {5},
  year = {2020}}

@inproceedings{pow:occ,
  author = {Powell, Thomas},
  title = {{On the computational content of Zorn's lemma}},
  year = {2020},
  publisher = {ACM},
  booktitle = {LICS '20},
  pages = {768--781}}

@book{yengui:constructive,
  author = {Yengui, I.},
  publisher = {Springer},
  series = {LNM},
  title = {Constructive Commutative Algebra. Projective Modules over Polynomial Rings and Dynamical Gröbner Bases},
  volume = {2138},
  year = {2015}}

@inproceedings{duval:about,
  author = {Dora, J. and Dicrescenzo, C. and Duval, D.},
  title = {About a new method for computing in algebraic number fields},
  booktitle = {Europ. Conference on Computer Algebra (2)},
  year = {1985},
  pages = {289--290}}

@article{rin:ukl,
  author = {Rinaldi, D. And Schuster, P.},
  journal = {J. Pure Appl. Algebra},
  pages = {3207--3232},
  title = {{A universal Krull--Lindenbaum theorem}},
  volume = {220},
  year = {2016}}

@article{rin:edde,
  author = {Rinaldi, D. and Schuster, P. and Wessel, D.},
  title = {Eliminating disjunctions by disjunction elimination},
  journal = {Bull. Symb. Logic},
  year = {2017},
  volume = {23},
  number = {2},
  pages = {181--200}}

@article{berardi-valentini:krivine,
  author = {Berardi, S. and Valentini, S.},
  title = {Krivine's intuitionistic proof of classical completeness (for countable languages)},
  journal = {Ann. Pure Appl. Log.},
  volume = {129},
  number = {1--3},
  pages = {93--106},
  year = {2004}}
