@article{hodges:krull,
  author = {Hodges, W.},
  title = {{Krull implies Zorn}},
  journal = {J. Lond. Math. Soc.},
  volume = {19},
  number = {2},
  pages = {285--287},
  year = {1979}}

@article{banaschewski:krull,
  author = {Banaschewski, B.},
  title = {{A new proof that `Krull implies Zorn'}},
  journal = {Math. Log. Quart.},
  volume = {40},
  number = {4},
  pages = {478--480},
  year = {1994}}

@article{erne:krull,
  author = {Erné, M.},
  title = {{A primrose path from Krull to Zorn}},
  journal = {Comment. Math. Univ. Carolin.},
  volume = {36},
  number = {1},
  year = {1995},
  pages = {123--126}}

@article{belanger-marquis:pointless,
  title = {{Menger and Nöbeling on pointless topology}},
  author = {Bélanger, M. and Marquis, J.-P.},
  journal = {Logic Log. Philos.},
  volume = {22},
  number = {2},
  year = {2013},
  pages = {145--165}}

@inproceedings{johnstone:art,
  title = {The art of pointless thinking: a student's guide to the category of locales},
  author = {Johnstone, P. T.},
  booktitle = {Category theory at work (Bremen, 1990)},
  pages = {85--107},
  series = {Res. Exp. Math.},
  number = {18},
  publisher = {Heldermann},
  year = {1991}}

@article{johnstone:point,
  title = {The point of pointless topology},
  author = {Johnstone, P. T.},
  year = {1983},
  journal = {Bull. Amer. Math. Soc.},
  volume = {8},
  number = {1},
  pages = {41--53}}

@incollection{vickers:locales-toposes,
  author = {Vickers, S.},
  title = {Locales and Toposes as Spaces},
  year = {2007},
  pages = {429--496},
  booktitle = {Handbook of Spatial Logics},
  publisher = {Springer},
  editor = {Aiello, M. and Pratt-Hartmann, I. and van Benthem, J.}}
% url = {https://www.cs.bham.ac.uk/~sjv/LocTopSpaces.pdf}}

@article{vickers:continuity,
  author = {Vickers, S.},
  title = {Continuity and geometric logic},
  volume = {12},
  number = {1},
  year = {2014},
  pages = {14--27},
  journal = {J. Appl. Log.}}
% url = {https://www.cs.bham.ac.uk/~sjv/GeoAspects.pdf}}

@book{johnstone:baby-elephant,
  author = {Johnstone, P. T.},
  title = {Topos Theory},
  year = {1977},
  series = {L.M.S. Monographs},
  volume = {10},
  publisher = {Academic Press}}

@incollection{blechschmidt:generalized-spaces,
  author = {Blechschmidt, I.},
  title = {Generalized spaces for constructive algebra},
  booktitle = {Proof and Computation II},
  editor = {Mainzer, K. and Schuster, P. and Schwichtenberg, H.},
  publisher = {World Scientific},
  year = {2021},
  pages = {99--187}}

@book{joyal-tierney:grothendieck,
  author = {Joyal, A. and Tierney, M.},
  title = {An extension of the Galois theory of Grothendieck},
  series = {Mem. Amer. Math. Soc.},
  volume = {309},
  publisher = {AMS},
  year = {1984}}

@book{oosten:realizability,
  author = {van Oosten, J.},
  title = {Realizability: An Introduction to its Categorical Side},
  year = {2008},
  series = {Stud. Logic Found. Math.},
  volume = {152},
  publisher = {Elsevier}}

@inproceedings{hyland:effective-topos,
  author = {Hyland, M.},
  title = {The ef{}fective topos},
  editor = {Troelstra, A. S. and van Dalen, D.},
  booktitle = {The L. E. J. Brouwer Centenary Symposium},
  publisher = {North-Holland},
  year = {1982},
  pages = {165--216}}

@techreport{phoa:effective,
  author = {Phoa, W.},
  title = {An introduction to fibrations, topos theory, the ef{}fective topos and modest sets},
  institution = {University of Edinburgh},
  year = {1992}}
% note = {\url{https://www.lfcs.inf.ed.ac.uk/reports/92/ECS-LFCS-92-208/}}}

@misc{bauer:c2c,
  author = {Bauer, A.},
  title = {Realizability as the connection between computable and constructive mathematics},
  year = {2005},
  note = {\url{http://math.andrej.com/asset/data/c2c.pdf}}}

@book{mines-richman-ruitenburg:constructive-algebra,
  title = {A Course in Constructive Algebra},
  author = {Mines, R. and Richman, F. and Ruitenburg, W.},
  series = {Universitext},
  year = {1988},
  publisher = {Springer}}

@book{lombardi-quitte:constructive-algebra,
  author = {Lombardi, H. and Quitté, C.},
  title = {Commutative Algebra: Constructive Methods},
  year = {2015},
  publisher = {Springer}}

@misc{herbelin-ilik:henkin,
  author = {Herbelin, H. and Ilik, D.},
  title = {{An analysis of the constructive content of Henkin's proof of Gödel's completeness theorem (draft)}},
  year = {2016},
  url = {https://pauillac.inria.fr/~herbelin/articles/godel-completeness-draft16.pdf}}

@book{dalen:logic,
  author = {van Dalen, D.},
  title = {Logic and Structure},
  series = {Universitext},
  year = {2004},
  publisher = {Springer}}

@book{simpson:subsystems,
  author = {Simpson, S.},
  publisher = {Springer},
  series = {Perspectives in Mathematical Logic},
  title = {Subsystems of Second Order Arithmetic},
  year = {1999}}

@article{johansson:minimal,
  author = {Johansson, I.},
  title = {{Der Minimalkalkül, ein reduzierter intuitionistischer Formalismus}},
  volume = {4},
  journal = {Compos. Math.},
  year = {1937},
  pages = {119--136}}

@article{friedman:double-negation-translation,
  author = {Friedman, H.},
  title = {The consistency of classical set theory relative to a set theory with intuitionistic logic},
  journal = {J. Symbolic Logic},
  volume = {38},
  year = {1973},
  pages = {315--319}}

@article{goedel:ac-gch,
  author = {Gödel, K.},
  title = {The consistency of the axiom of choice and of the generalized continuum-hypothesis},
  journal = {Proc. Natl. Acad. Sci. USA},
  volume = {24},
  number = {12},
  year = {1938},
  pages = {556--557}}

@incollection{schoenfield:predicativity,
  author = {Schoenfield, J.},
  title = {The problem of predicativity},
  booktitle = {Essays on the Foundations of Mathematics},
  editor = {Bar-Hillel, Y. and Poznanski, E. and Rabin, M. and Robinson, A.},
  year = {1961},
  publisher = {Magnes},
  pages = {132--139}}

@article{maietti:modular,
  author = {Maietti, M.},
  title = {Modular correspondence between dependent type theories and categories including pretopoi and topoi},
  journal = {Math. Structures Comp. Sci.},
  volume = {15},
  number = {6},
  year = {2005},
  pages = {1089--1149}}

@incollection{crosilla:predicativity,
  author = {Crosilla, L.},
  title = {Exploring predicativity},
  booktitle = {Proof and Computation},
  editor = {Mainzer, K. and Schuster, P. and Schwichtenberg, H.},
  publisher = {World Scientific},
  year = {2018},
  pages = {83--108}}

@article{hamkins:multiverse,
  author = {Hamkins, J.},
  title = {The set-theoretic multiverse},
  journal = {Rev. Symb. Log.},
  volume = {5},
  issue = {3},
  year = {2012},
  pages = {416-449}}

@article{maietti:au,
  author = {Maietti, M.},
  title = {Joyal's arithmetic universes as list-arithmetic pretoposes},
  year = {2010},
  journal = {Theory Appl. Categ.},
  volume = {23},
  number = {3},
  pages = {39--83}}

@misc{vickers:sketches,
  author = {Vickers, S.},
  title = {Sketches for arithmetic universes},
  year = {2016},
  note = {arXiv:1608.01559}}
% url = {https://arxiv.org/abs/1608.01559}}

@incollection{bauer:int-mathematics,
  author = {Bauer, A.},
  title = {Intuitionistic mathematics and realizability in the physical world},
  booktitle = {A Computable Universe},
  publisher = {World Scientific Pub Co},
  editor = {Zenil, H.},
  year = {2012}}

@misc{bauer:five-stages-talk,
  author = {Bauer, A.},
  title = {Five stages of accepting constructive mathematics},
  year = {2013},
  note = {Lecture at the Institute for Advanced Study, \url{https://video.ias.edu/members/1213/0318-AndrejBauer}}}

@article{bauer:five-stages,
  author = {Bauer, A.},
  title = {Five stages of accepting constructive mathematics},
  journal = {Bull. Amer. Math. Soc.},
  volume = {54},
  year = {2017},
  pages = {481--498}}

@article{krull:ohne,
  author = {Krull, W.},
  journal = {Math. Ann.},
  title = {{Idealtheorie in Ringen ohne Endlichkeitsbedingung}},
  volume = {101},
  year = {1929},
  pages = {729--744}}

@incollection{sep:constructive-mathematics,
  author = {Bridges, D. and Palmgren, E.},
  title = {Constructive mathematics},
  booktitle = {The Stanford Encyclopedia of Philosophy},
  editor = {Zalta, E.},
  year = {2018},
  edition = {Summer 2018},
  publisher = {Metaphysics Research Lab, Stanford University}}
% note = {\url{https://plato.stanford.edu/archives/sum2018/entries/mathematics-constructive/}},

@misc{shulman:categorical-logic,
  author = {Shulman, M.},
  title = {Categorical logic from a categorical point of view (draft for AARMS Summer School 2016)},
  year = {2016},
  note = {\url{https://mikeshulman.github.io/catlog/catlog.pdf}}}

@misc{caramello:preliminaries,
  author = {Caramello, O.},
  title = {Topos-theoretic background},
  year = {2014},
  note = {\url{https://www.oliviacaramello.com/Unification/ToposTheoreticPreliminariesOliviaCaramello.pdf}}}

@article{scott:prime-ideals,
  author = {Scott, D.},
  title = {{Prime ideal theorems for rings, lattices and Boolean algebras}},
  journal = {Bull. Amer. Math. Soc.},
  volume = {60},
  year = {1954},
  pages = {390}}
